@article{aiolli,
    author = "Guglielmo Faggioli and Mirko Polato and Fabio Aiolli",
    title = "Recency Aware Collaborative Filtering for Next Basket Recommendation. {Inglese}",
    journal = "Association for Computing Machinery",
    year = "2020",
    DOI = "https://dl.acm.org/doi/10.1145/3340631.3394850",
    keywords = "next-basket recommendation"
}

@article{vaecf,
    author = "Dawen Liang and Matthew D. Hoffman and Rahul G. Krishnan and Tony Jebara",
    title = "Variational Autoencoders for Collaborative Filtering. {Inglese}",
    journal = "International World Wide Web Conferences Steering Committee",
    year = "2018",
    DOI = "https://doi.org/10.1145/3178876.3186150",
    keywords = "Recommender systems, collaborative filtering, implicit feedback, variational autoencoder, Bayesian models"
}

@article{mf,
    author = "Yehuda Koren and Robert Bell and Chris Volinsky",
    title = "MATRIX FACTORIZATION TECHNIQUES FOR RECOMMENDER SYSTEMS. {Inglese}",
    journal = "IEEE Computer Society",
    year = "2009",
    DOI = "https://datajobs.com/data-science-repo/Recommender-Systems-%5BNetflix%5D.pdf",
    keywords = "Matrix Factorization"
}

@article{itemknn,
    author = "Badrul Sarwar and George Karypis and Joseph Konstan and John Riedl",
    title = "Item-based collaborative filtering recommendation algorithms. {Inglese}",
    journal = "Association for Computing Machinery",
    year = "2001",
    DOI = "https://doi.org/10.1145/371920.372071",
    keywords = "Matrix Factorization"
}

@article{userknn,
    author = "John S. Breese and David Heckerman and Carl Kadie",
    title = "Empirical Analysis of Predictive Algorithms for Collaborative Filtering. {Inglese}",
    journal = "Microsoft Research",
    year = "2013",
    DOI = "https://arxiv.org/ftp/arxiv/papers/1301/1301.7363.pdf",
    keywords = "Matrix Factorization"
}

@article{salah2020cornac,
  title={Cornac: A Comparative Framework for Multimodal Recommender Systems},
  author={Salah, Aghiles and Truong, Quoc-Tuan and Lauw, Hady W},
  journal={Journal of Machine Learning Research},
  volume={21},
  number={95},
  pages={1--5},
  year={2020}
}


